@book{velez,
  author =       {Ricardo Vélez Ibarrola and Tomás Prieto Rumeau},
  title =        {Procesos estocásticos},
  year =         {2013},
  publisher =    {UNED}
}

@article{dtmc,
  author =       {Giorgio Alfredo Spedicato},
  title =        {Discrete Time Markov Chains with R},
  year =         {2017},
  journal =      {The R Journal},
  doi =          {10.32614/RJ-2017-036},
  url =          {https://doi.org/10.32614/RJ-2017-036},
  pages =        {84--104},
  volume =       {9},
  number =       {2}
}

@book{grinstead,
  author =       {Charles M. Grinstead, J. Laurie Snell},
  title  =       {Introduction To Probability},
  year =         {2003},
  publisher =    {American Mathematical Society}
}

@misc{feres,
  author =       {Renato Feres},
  title =        {Notes for Topics in Applied Mathematics - Computational Random Processes},
  year =         {2007},
  url =          {https://www.math.wustl.edu/~feres/Math450syll.html},
  institution =  {Washington University, St. Louis}
}

@misc{takis,
  author =       {Takis Konstantopoulos},
  title  =       {Markov Chains and Random Walks},
  year   =       {2009},
  institution =  {University of Liverpool}
}

@misc{zitkovic,
  author  =      {Gordan Žitković},
  title  =       {Intro to Stochastic Processes, Lecture notes},
  year   =       {2014},
  institution =  {University of Texas, Austin}
}